<?xml version="1.0" encoding="utf-8"?>
<record xmlns="http://www.loc.gov/MARC21/slim" xmlns:xsi="http://www.w3.org/2001/XMLSchema-instance" xsi:schemaLocation="http://www.loc.gov/MARC21/slim http://www.loc.gov/standards/marcxml/schema/MARC21slim.xsd">
	<leader>     nam a22     Mi 4500</leader>
	<controlfield tag="001">b12459161</controlfield>
	<controlfield tag="003">LeBAU</controlfield>
	<controlfield tag="006">m        d        </controlfield>
	<controlfield tag="007">cr cn |||m|||a</controlfield>
	<controlfield tag="008">200730m19331935le      o     ||1 0 ara d</controlfield>
	<datafield ind1=" " ind2=" " tag="040">
		<subfield code="a">ZYU</subfield>
		<subfield code="b">ara</subfield>
		<subfield code="e">rda</subfield>
		<subfield code="c">ZYU</subfield>
	</datafield>
	<datafield ind1="0" ind2="4" tag="082">
		<subfield code="a">349.569</subfield>
		<subfield code="2">22</subfield>
	</datafield>
	<datafield ind1="1" ind2=" " tag="110">
		<subfield code="6">880-01</subfield>
		<subfield code="a">Syria,</subfield>
		<subfield code="e">issuing body.</subfield>
	</datafield>
	<datafield ind1="1" ind2="0" tag="240">
		<subfield code="6">880-02</subfield>
		<subfield code="a">Laws, etc.</subfield>
	</datafield>
	<datafield ind1="1" ind2="0" tag="245">
		<subfield code="6">880-03</subfield>
		<subfield code="a">Majmūʻat muqarrarāt Ḥukūmat Sūriyā :</subfield>
		<subfield code="b">wa-hiya tashtamil ʻalá al-qawānīn wa-al-marāsīm wa-al-qarārāt allatī ṣadarat mundhu al-iḥtilāl ākhir Aylūl sanat 1918 ilá yawminā hadhā /</subfield>
		<subfield code="c">jamaʻahā wa-rattabahā Yūsuf Ṣādir, ṣāḥib al-Majallah al-Qaḍāʼīyah fī Bayrūt.</subfield>
	</datafield>
	<datafield ind1="1" ind2="5" tag="246">
		<subfield code="6">880-04</subfield>
		<subfield code="i">Volume 8 has title: Muqarrarāt Ḥukūmat Sūriyā ʻām 1934 </subfield>
	</datafield>
	<datafield ind1="1" ind2="5" tag="246">
		<subfield code="a">Muqarrarāt Ḥukūmat Sūriyā ʻām 1934</subfield>
		<subfield code="b">dequis l'occupation fin Septembre 1918 jusqu'à nos jours</subfield>
		<subfield code="i">Volume 8 has title:</subfield>
	</datafield>
	<datafield ind1="1" ind2=" " tag="246">
		<subfield code="i">Volume 8 has title:</subfield>
		<subfield code="a">Recueil des lois, decrets et arrêtés de l'Etat de Syrie :</subfield>
	</datafield>
	<datafield ind1=" " ind2="1" tag="264">
		<subfield code="6">880-05</subfield>
		<subfield code="a">Bayrūt :</subfield>
		<subfield code="b">Maṭbaʻat Ṣādir,</subfield>
		<subfield code="c">1933-1935.</subfield>
	</datafield>
	<datafield ind1=" " ind2=" " tag="300">
		<subfield code="6">880-06</subfield>
		<subfield code="a">online resource (8 volumes)</subfield>
	</datafield>
	<datafield ind1=" " ind2=" " tag="336">
		<subfield code="a">text</subfield>
		<subfield code="2">rdacontent</subfield>
	</datafield>
	<datafield ind1=" " ind2=" " tag="337">
		<subfield code="a">computer</subfield>
		<subfield code="2">rdamedia</subfield>
	</datafield>
	<datafield ind1=" " ind2=" " tag="338">
		<subfield code="a">online resource</subfield>
		<subfield code="2">rdacarrier</subfield>
	</datafield>
	<datafield ind1=" " ind2=" " tag="500">
		<subfield code="a">Part of the Arabic Collections Online (ACO) project, contributed by American University of Beirut's Jafet Memorial Library.</subfield>
	</datafield>
	<datafield ind1=" " ind2=" " tag="533">
		<subfield code="a">Electronic reproduction.</subfield>
		<subfield code="b">New York, N.Y. :</subfield>
		<subfield code="c">New York University,</subfield>
		<subfield code="d">2020.</subfield>
		<subfield code="5">NNU</subfield>
	</datafield>
	<datafield ind1=" " ind2="0" tag="650">
		<subfield code="6">880-07</subfield>
		<subfield code="a">Law</subfield>
		<subfield code="z">Syria.</subfield>
	</datafield>
	<datafield ind1="1" ind2=" " tag="700">
		<subfield code="6">880-08</subfield>
		<subfield code="a">Ṣādir, Yūsuf Ibrāhīm.</subfield>
		<subfield code="e">compiler.</subfield>
		<subfield code="0">https://lccn.loc.gov/n82046969 ,</subfield>
	</datafield>
	<datafield ind1="2" ind2=" " tag="710">
		<subfield code="a">Jafet Memorial Library.</subfield>
	</datafield>
	<datafield ind1="0" ind2=" " tag="730">
		<subfield code="a">Arabic Collections Online.</subfield>
	</datafield>
	<datafield ind1="0" ind2="8" tag="776">
		<subfield code="i">Print version:</subfield>
		<subfield code="a">Syria, issuing body.</subfield>
		<subfield code="t">Majmūʻat muqarrarāt Ḥukūmat Sūriyā</subfield>
		<subfield code="w">(LeBAU)b12459161</subfield>
	</datafield>
	<datafield ind1="4" ind2="0" tag="856">
		<subfield code="u">http://hdl.handle.net/2333.1/mcvdnpdx</subfield>
	</datafield>
	<datafield ind1="1" ind2=" " tag="880">
		<subfield code="6">110-01</subfield>
		<subfield code="a">سوريا،</subfield>
		<subfield code="e">هيئة اصدار.</subfield>
		<subfield code="4">isb.</subfield>
	</datafield>
	<datafield ind1="1" ind2="0" tag="880">
		<subfield code="6">240-02</subfield>
		<subfield code="a">قوانين، إلخ.</subfield>
	</datafield>
	<datafield ind1="1" ind2="0" tag="880">
		<subfield code="6">245-03</subfield>
		<subfield code="a">مجموعة مقررات حكومة سوريا :</subfield>
		<subfield code="b">وهي تشتمل على القوانين والمراسيم والقرارات التي صدرت في سوريا منذ الإحتلال آخر ايلول سنة 1918 الى يومنا هذا /</subfield>
		<subfield code="c">جمعها ورتبها يوسف صادر، صاحب المجلة القضائية في بيروت.</subfield>
	</datafield>
	<datafield ind1="1" ind2="5" tag="880">
		<subfield code="6">246-04</subfield>
		<subfield code="i">عنوان الجزء الثامن:</subfield>
		<subfield code="a">مقررات الحكومة السورية عام 1934</subfield>
	</datafield>
	<datafield ind1=" " ind2="1" tag="880">
		<subfield code="6">264-05</subfield>
		<subfield code="a">بيروت :</subfield>
		<subfield code="b">مطبعة صادر،</subfield>
		<subfield code="c">1933-1935.</subfield>
	</datafield>
	<datafield ind1=" " ind2=" " tag="880">
		<subfield code="6">300-06</subfield>
		<subfield code="a">8 أجزاء ؛</subfield>
		<subfield code="c">24 سم</subfield>
	</datafield>
	<datafield ind1=" " ind2=" " tag="880">
		<subfield code="6">500-00</subfield>
		<subfield code="a">يتضمن كشاف.</subfield>
	</datafield>
	<datafield ind1=" " ind2=" " tag="880">
		<subfield code="6">500-00</subfield>
		<subfield code="a">في رأس العنوان: للقضاء والتاريخ.</subfield>
	</datafield>
	<datafield ind1="0" ind2=" " tag="880">
		<subfield code="6">505-00</subfield>
		<subfield code="a">الجزء الأول. من سنة 1918-1921 --الجزء الثاني. من سنة 1922-1924 --الجزء الثالث. من بدء  1925 إلى آخر حزيران 1926 --الجزء الرابع. من أول تموز 1926 إلى آخر حزيران 1928 --الجزء الخامس. من أول تموز 1928 إلى آخر سنة 1929 --الجزء السادس. من أول كانون الثاني 1930 إلى أواخر حزيران سنة 1931 --الجزء السابع. من تموز سنة 1931 حتى آخر سنة 1933 --الجزء الثامن. عام 1934.</subfield>
	</datafield>
	<datafield ind1=" " ind2="4" tag="880">
		<subfield code="6">650-07</subfield>
		<subfield code="a">القانون</subfield>
		<subfield code="z">سوريا.</subfield>
	</datafield>
	<datafield ind1="1" ind2=" " tag="880">
		<subfield code="6">700-08</subfield>
		<subfield code="a">صادر، يوسف إبراهيم،</subfield>
		<subfield code="0">https://lccn.loc.gov/n82046969 ,</subfield>
		<subfield code="e">معد.</subfield>
		<subfield code="4">com.</subfield>
	</datafield>
	<datafield ind1=" " ind2=" " tag="959">
		<subfield code="a">NNU</subfield>
		<subfield code="b">WEB</subfield>
		<subfield code="c">GENI</subfield>
		<subfield code="t">0</subfield>
		<subfield code="m">Electronic access</subfield>
		<subfield code="s">01</subfield>
	</datafield>
	<datafield ind1=" " ind2=" " tag="999">
		<subfield code="i">LeBAU_b12459161</subfield>
		<subfield code="s">aub_aco003970:v.1</subfield>
		<subfield code="s">aub_aco003971:v.2</subfield>
		<subfield code="s">aub_aco003972:v.3</subfield>
		<subfield code="s">aub_aco003973:v.4</subfield>
		<subfield code="s">aub_aco003974:v.5</subfield>
		<subfield code="s">aub_aco003975:v.6</subfield>
		<subfield code="s">aub_aco003976:v.7</subfield>
		<subfield code="s">aub_aco003977:v.8</subfield>
		<subfield code="e">(ERROR-880)(ERROR-MISC)</subfield>
		<subfield code="s">aub_aco003970:v.1</subfield>
		<subfield code="s">aub_aco003971:v.2</subfield>
		<subfield code="s">aub_aco003972:v.3</subfield>
		<subfield code="s">aub_aco003973:v.4</subfield>
		<subfield code="s">aub_aco003974:v.5</subfield>
		<subfield code="s">aub_aco003975:v.6</subfield>
		<subfield code="s">aub_aco003976:v.7</subfield>
		<subfield code="s">aub_aco003977:v.8</subfield>
	</datafield>
</record>
